
@book{safety,
    title = {{Safety Instrumented Systems: Design, Analysis, and Justification}},
    year = {2005},
    author = {Gruhn, P. and Cheddie, H.},
    publisher = {ISA - The Instrumentation, Systems, and Automation Society},
    edition = {Second}
}

@book{sierra,
    title = {{Transmission lines}},
    year = {2018},
    author = {Mittal, A.},
    publisher = {Sierra Circuits, Inc}
}
@book{radiation_TI,
    title = {{Radiation Handbook for Electronics}},
    year = {2019},
    author = {Bauman, R. and Kruckmeyer, K.},
    publisher = {Texas Instruments}
}
@book{Bogatin,
    title = {{Signal and Power Integrity - Simplified}},
    year = {2009},
    author = {Bogatin, E.},
    edition = {Second},
    publisher = {Prentice Hall}
}
@book{digital_book,
    title = {{Integrated Circuit Design}},
    year = {2011},
    author = {Weste, N. H. E. and Harris, D. M.},
    edition = {Fourth},
    publisher = {Pearson}
}
@book{Zumbahlen2008,
    title = {{Linear Circuit Design Handbook}},
    year = {2008},
    author = {Zumbahlen, H.},
    publisher = {Newnes/Elsevier}
}
@book{mvc,
    title = {{Software Architecture with Python}},
    year = {2017},
    author = {Pillai, A. B.},
    edition = {First},
    publisher = {Packt Publishing}
}
@book{handbook_radiation,
    title = {{Handbook of Radiotherapy Physics - Theory and Practice}},
    year = {2007},
    author = {Mayles, P. and Nahum, A. and Rosenwald, J.C.},
    edition = {First},
    publisher = {Taylor and Francis Group}
}





@phdthesis{Pettersen,
    title = {{A Digital Tracking Calorimeter for Proton Computed Tomography}},
    year = {2018},
    author = {Pettersen, H. E. S.},
    school = {University of Bergen}
}




@techreport{ALPIDE_manual,
    title   = {{ALPIDE Operations Manual}},
    year = {2016},
    institution = {ALICE ITS ALPIDE development team},
    note = {Rev. 0.3}
}



@manual{eye_diagram,
    title = {{Anatomy of an Eye Diagram}},
    year = {2010},
    url = {https://cdn.eeweb.com/articles/app-notes/files/anatomy-of-an-eye-diagram-1291072545.pdf},
    organization = {Tektronix},
    note = {}
}
@manual{FireFly,
    title = {{FireFly - Application Design Guide}},
    year = {2020},
    url = {http://suddendocs.samtec.com/ebrochures/firefly-brochure.pdf},
    organization = {Samtec},
    note = {}
}
@manual{twinax,
    title = {{High-speed Cable Interconnect Solutions Guide}},
    year = {2019},
    url = {http://suddendocs.samtec.com/literature/samtec_high_speed_cable_guide.pdf},
    organization = {Samtec},
    note = {}
}
@manual{TI_design_rules,
    title = {{High-Speed Interface Layout Guidelines}},
    year = {2014},
    url = {https://www.ti.com/lit/an/spraar7h/spraar7h.pdf?ts=1587920695610},
    organization = {Texas Instrument},
    note = {Revised 2018}
}
@manual{MIC29302,
  organization = {Microchip Technology},
  title        = {{High-Current Low Dropout Regulator, MIC29302}},
  year         = {2019},
  type      = {Data sheet},
  note         = {Rev. B},
  url          = {https://www.microchip.com/wwwproducts/en/MIC29302},
}
@manual{decoupling,
  organization = {Analog Devices},
  title        = {{Decoupling Techniques}},
  year         = {2009},
  url          = {https://www.analog.com/media/en/training-seminars/tutorials/MT-101.pdf},
}
@manual{NI_LVDS,
    title = {{Understanding LVDS for Digital Test Systems}},
    year = {2019},
    url = {https://www.ni.com/en-no/innovations/white-papers/06/understanding-lvds-for-digital-test-systems.html},
    institution = {National Instrument}
}
@manual{LVDS_manual,
    title = {{Low-Voltage Differential Signaling Owner’s Manual - National Semiconductor}},
    institution = {National Semiconductor},
    year = {2004},
    url = {https://www-cdf.fnal.gov/upgrades/daq_trig/l2cal/documents/lvds_manual.pdf},
    note = {Third edition}
}
@manual{LVDS_manual_TI,
    title = {{LVDS Owner’s Manual - Texas Instruments}},
    institution = {Texas Instruments},
    year = {2008},
    url = {http://www.ti.com/lit/ug/snla187/snla187.pdf},
    note = {Fourth edition}
}
@manual{MX180TP,
    title = {MX180T {\&} MX180TP Instruction Manual},
    url = {http://resources.aimtti.com/manuals/MX180T+MX180TP_Instruction_Manual-Iss4.pdf},
    institution = {Aim-TTi}
}
@manual{esd,
    title = {{Part 1: An Introduction to ESD}},
    year = {2020},
    url = {https://www.esda.org/esd-overview/esd-fundamentals/part-1-an-introduction-to-esd/},
    institution = {EOS/ESD Association},
    address = {Rome, NY}
}
@manual{DCH,
    title = {{2.00 mm High-Speed Press-Fit Twinax Cable Assembly}},
    year = {},
    url = {https://www.samtec.com/products/dch#testreportsSeries},
    organization = {Samtec},
    note = {}
}
@manual{prepreg,
    author = {Barry Olney}, 
    title = {{Multilayer PCB - Resin Flow Compensation}},
    year = {2011},
    url = {https://www.icd.com.au/webinars/12-08-29-Selecting a PCB Fabricator-5PM.pdf},
    organization = {In-Circuit Design Pty Ltd},
    note = {}
}
@manual{crimp,
    author = {}, 
    title = {{SolderRight Right-Angle Direct Solder Terminal - 1722490100}},
    year = {2020},
    url = {https://www.molex.com/webdocs/datasheets/pdf/en-us/1722490100_CRIMP_TERMINALS.pdf},
    organization = {Molex},
    note = {}
}
@manual{weidmueller_header,
    author = {}, 
    title = {{PCB plug-in connector, male header - 1942120000}},
    year = {2020},
    url = {https://catalog.weidmueller.com/catalog/Start.do?localeId=en&ObjectID=1942120000},
    organization = {Weidm{\"{u}}ller},
    note = {}
}
@manual{weidmueller_plug,
    author = {}, 
    title = {{PCB plug-in connector, female plug - 1969140000}},
    year = {2018},
    url = {https://catalog.weidmueller.com/catalog/Start.do?localeId=en&ObjectID=1969140000},
    organization = {Weidm{\"{u}}ller},
    note = {}
}
@manual{3m_cable,
    author = {}, 
    title = {{Round, Shielded/Jacketed, Flat Cable - 3659/20}},
    year = {2008},
    url = {https://multimedia.3m.com/mws/media/22054O/3mtm-rnd-shld-jckt-flat-cable-mass-term-3659-series-ts0083.pdf},
    organization = {3M},
    note = {}
}
@manual{xilinx_guide,
    author = {}, 
    title = {{UltraScale Architecture SelectIO Resources - User Guide}},
    year = {2019},
    url = {https://www.xilinx.com/support/documentation/user_guides/ug571-ultrascale-selectio.pdf},
    organization = {Xilinx},
    note = {Version 1.12}
}
@manual{diff_probes,
    author = {}, 
    title = {{TDP3500 and TDP4000; 3.5 GHz and 4 GHz Differential Probes; Quick Start User Manual}},
    year = {},
    url = {},
    organization = {Tektronix},
    note = {}
}
@manual{MAX31865,
  organization = {Maxim Integrated},
  title        = {{RTD-to-Digital Converter}},
  year         = {2015},
  type         = {Data sheet},
  note         = {Rev. 13},
  url          = {https://www.maximintegrated.com/en/products/interface/sensor-interface/MAX31865.html},
}
@manual{INA226,
  organization = {Texas Instruments},
  title        = {{High-Side or Low-Side Measurement,Bi-Directional Current and Power Monitor with I2C Compatible Interface}},
  year         = {2015},
  type         = {Data sheet},
  note         = {{revised August 2015}},
  url          = {https://www.ti.com/lit/ds/symlink/ina226.pdf?ts=1592384837808&ref_url=https253A252F252Fwww.google.com252F},
}




@article{TID_DDD, 
    title={{Total Ionizing Dose and Displacement-Damage Effects in Microelectronics}}, 
    volume={28}, 
    DOI={10.1557/mrs2003.42}, 
    number={2}, 
    journal={MRS Bulletin}, 
    publisher={Cambridge University Press}, 
    author={Foster, C. C.},
    year={2003},
    pages={136–140}
}
    
@article{protons_stopping_power,
author = {Bozkurt, A.},
year = {2017},
month = {01},
pages = {01007},
title = {{Monte Carlo calculation of proton stopping power and ranges in water for therapeutic energies}},
volume = {154},
journal = {EPJ Web of Conferences},
doi = {10.1051/epjconf/201715401007}
}
@article{AGLIERIRINELLA2017583,
title = {{The ALPIDE pixel sensor chip for the upgrade of the ALICE Inner Tracking System}},
journal = "Nuclear Instruments and Methods in Physics Research Section A: Accelerators, Spectrometers, Detectors and Associated Equipment",
volume = "845",
pages = "583 - 587",
year = "2017",
note = "Proceedings of the Vienna Conference on Instrumentation 2016",
doi = "https://doi.org/10.1016/j.nima.2016.05.016",
url = "http://www.sciencedirect.com/science/article/pii/S0168900216303825",
author = {Rinella, G.A.}
}
@article{aluminium_LUT,
    title = {{Innovative microelectronics technologies for high-energy physics experiments}},
    year = {2017},
    journal = {Functional Materials},
    author = {Borshchov,V.M. and Listratenko,O.M. and Protsenko,M.A. and Tymchuk,I.T. and Fomin, O.O.},
    volume = {24},
    doi = {10.15407/fm24.01.143},
    pages = {143-153}
}
@article{bottom_figure_2.5,
    title = {{Particle Radiation Therapy Using Proton and Heavier Ion Beams}},
    year = {2007},
    journal = {Journal of Clinical Oncology},
    author = {Tsujii, H. and Schulz-Ertner, D.},
    volume = {25}
}
@article{Ott2001,
    title = {{Partitioning and layout of a mixed-signal PCB}},
    year = {2001},
    journal = {Printed Circuit Design},
    author = {Ott, H. W.},
    url = {http://www.hottconsultants.com/pdf_files/june2001pcd_mixedsignal.pdf},
   
}
@article{Pettersen2017,
    title = {{Proton tracking in a high-granularity Digital Tracking Calorimeter for proton CT purposes}},
    year = {2017},
    journal = {Nuclear Instruments and Methods in Physics Research Section A: Accelerators, Spectrometers, Detectors and Associated Equipment},
    author = {Pettersen, H.E.S. and Alme, J. and Biegun, A. and van den Brink, A. and Chaar, M. and Fehlker, D. and Meric, I. and Odland, O.H. and Peitzmann, T. and Rocco, E. and Ullaland, K. and Wang, H. and Yang, S. and Zhang, C. and R{\"{o}}hrich, D.},
    month = {7},
    pages = {51--61},
    volume = {860},
    url = {https://arxiv.org/ftp/arxiv/papers/1611/1611.02031.pdf https://linkinghub.elsevier.com/retrieve/pii/S0168900217301882},
    doi = {10.1016/j.nima.2017.02.007},
    issn = {01689002}
}
@article{PT_in_Norway,
    title = {{Proton therapy – a reality in Norway from 2023}},
    year = {2018},
    journal = {Tidsskrift for den Norske Laegeforening},
    author = {Dale, E. and Waldeland, E.},
    number = {13},
    month = {9},
    volume = {138},
    publisher = {Norwegian Medical Association},
    doi = {10.4045/tidsskr.18.0250}
}
@article{star_ground,
    title = {{Staying Well Grounded}},
    year = {2012},
    journal = {Analog Dialogue},
    author = {Zumbahlen,H.},
    month = {6},
    volume = {46},
    publisher = {Analog Devices},
    url = {https://www.analog.com/en/analog-dialogue/articles/staying-well-grounded.html#}
}
@article{cnt,
author = {Atar, N. and Grossman, E. and Gouzman, I. and Bolker, A. and Hanein, Y.},
title = {Reinforced Carbon Nanotubes as Electrically Conducting and Flexible Films for Space Applications},
journal = {ACS Applied Materials \& Interfaces},
volume = {6},
number = {22},
pages = {20400-20407},
year = {2014},
doi = {10.1021/am505811g},
}
@article{helge_design,
author = {Pettersen, H.E.S. and Alme, J. and Barnafoldi, G.G and Garcıa-Santos, A. and Gr{\o}ttvik, O. and Helstrup, H. and Hetland, K.F. and Meric, I. and Odland, O.H. and Papp, G. and Peitzmann, T. and R{\"{o}}hrich, D. and Seco, J. and Shafiee, H. and Skjæveland, E.V. and Tambave, G. and Ullaland, K. and Varga-Kofarago, M. and Volz, L. and Wagner, B. and Yang, S.},
title = {Design optimization of a pixel-based range telescope for proton computed tomography},
journal = "Physica Medica",
volume = "63",
pages = "87 - 97",
year = "2019",
doi = {10.1016/j.ejmp.2019.05.026}
}
@article{crosslink,
author = {Scarpulla, J. and Yarbrough, A.},
title = {{What Could Go Wrong, The Effects of Ionizing radiation on Space Electronics}},
journal = "Crosslink",
volume = "4",
number = "4",
year = "2003"
}








@inproceedings{Grttvik2019,
    title = {{Development of Readout Electronics for a Digital Tracking Calorimeter}},
    year = {2020},
    booktitle = {Proceedings of Topical Workshop on Electronics for Particle Physics — PoS(TWEPP2019)},
    author = {Gr{\o}ttvik, O. S. and Alme, J. and Barthel, R. and Bodova, T. and Borshchov, V. and van den Brink, A. and Eikeland, V. and Herland, A. and van der Kolk, N. and Nesb{\o}, S. V. and Peitzmann, T. and R{\"{o}}hrich, D. and Tambave, G. and Tymchuk, I. and Ullaland, K. and Yang, S.},
    month = {3},
    pages = {090},
    publisher = {Sissa Medialab},
    url = {https://pos.sissa.it/370/090},
    address = {Trieste, Italy},
    doi = {10.22323/1.370.0090}
}
@inproceedings{vapor,
  title={{Today's Vapor Phase Soldering An Optimized Reflow Technology for Lead Free Soldering}},
  author={Dipl.-Ing. H. Leicht and A. Thumm},
  year={2008}
}




@misc{spray,
    title = {{Licron Crystal ESD safe coating}},
    url = {https://www.techspray.com/licron-crystal-esd-safe-coating-3}
}
@misc{PyVISA,
    title = {{PyVISA}},
    url = {https://pyvisa.readthedocs.io/en/latest/}
}
@misc{filament,
    title = {{ESD PLA 3D printing filament}},
    url = {https://www.3dxtech.com/3dxstat-esd-pla/}
}
@misc{NO_radiation,
    title = {{Medical use of radiation in Norway - Norwegian Radiation and Nuclear Safety Authority}},
    year = {2014},
    url = {https://www.dsa.no/en/topic-articles/91821/medical-use-of-radiation-in-norway}
}
@misc{clinics,
    title = {{Particle therapy facilities in clinical operation}},
    year = {2020},
    organization = {Particle Therapy Co-operative Group},
    url = {http://www.ptcog.ch/index.php/facilities-in-operation}
}
@misc{bragg_peak_wiki,
    title = {{Bragg Peak}},
    organization = {Wikimedia Commons},
    url = {https://commons.wikimedia.org/wiki/File:BraggPeak.png}
}
@misc{reg_radiation,
    title = {{Components testing for HESSI satellite APECTS modules }},
    author = {Hajdas, W. and Bialkowski, J. and Fivian, M. and Henneck, R. and Mchedlishvili, A. and Sturcke, E. and Thomsen, K. and Zehnder, A. },
    year = {1999},
    organization = {Paul Scherrer Institut, Laboratory for Astrophysics}
}
@misc{Jarle,
    author    = {S{\o}lie, J. R.},
    title     = {{Private communication}},
    year      = {2020}
}



@unpublished{FPGA_radiation,
    title = {{Radiation Enviroment and Electronics}},
    year = {2018},
    author = {Meric, I. and S{\o}lie, J. R. and Pettersen, H.E. S. and Shafiee, H.}
}
@unpublished{BergenpCTPaper2020,
    author  ={Piersimoni, P. 
            and Alme, J. 
            and Barnaf{\"{o}}ldi, G. G. 
            and Barthel, R. 
            and Borshchov, V. 
            and Bodova, T. 
            and Brink, A. van den 
            and Brons, S. 
            and Chaar, M. 
            and Eikeland, V.
            and Genov, G.
            and Grimstad, S.
            and Gr{\o}ttvik, O.
            and Helstrup, H.
            and Herland, A.
            and Hilde, A. E.
            and Keidel, R.
            and Kobdaj, C.
            and Kolk, N. van der
            and Listratenko, O.
            and Malik, Q.
            and Mehendale, S.
            and Meric, I.
            and Nesb{\o}, S. V.
            and Odland, O. H.
            and Papp, G.
            and Peitzmann, T.
            and Pettersen, H. E. S.
            and Protsenko, M.
            and Rehman, A. U.
            and Richter, M.
            and R{\"{o}}hrich, D.
            and Samn{\o}y, A. T.
            and Seco, J.
            and Setterdahl, L.
            and Shafiee, H.
            and Skjolddal, {\O}. J.
            and Solheim, E.
            and Songmoolnak, A.
            and Sud{\'{a}}r, {\'{A}}.
            and S{\o}lie, J. R.
            and Tambave, G.
            and Tymchuk, I.
            and Ullaland, K.
            and Underdal, H. A.
            and Varga-K{\"{o}}farag{\'{o}}, M.
            and Volz, L.
            and Wagner, B.
            and Weigold, T.
            and Wider{\o}e, F. M.
            and Xiao, R. Z.
            and Yang, S.
            and Yokoyama, H.},
    title   = {{A High-Granularity Digital Tracking Calorimeter Optimized for Proton CT}},
    note    = {{Manuscript submitted for publication}},
    year = {2020}
}

