@phdthesis{Pettersen,
    title = {{A Digital Tracking Calorimeter for Proton Computed Tomography}},
    year = {2018},
    author = {Pettersen, H. E. S.},
    school = {University of Bergen}
}

@techreport{ALPIDE_manual,
    title = {{ALPIDE Operations Manual}},
    year = {2016},
    institution = {ALICE ITS ALPIDE development team}
}

@techreport{eye_diagram,
    title = {{Anatomy of an Eye Diagram}},
    year = {2010},
    url = {https://cdn.eeweb.com/articles/app-notes/files/anatomy-of-an-eye-diagram-1291072545.pdf},
    institution = {Tektronix}
}

@misc{bragg_peak_wiki,
    title = {{Bragg Peak}},
    booktitle = {Wikimedia Commons},
    url = {https://commons.wikimedia.org/wiki/File:BraggPeak.png}
}

@inproceedings{Grttvik2019,
    title = {{Development of Readout Electronics for a Digital Tracking Calorimeter}},
    year = {2020},
    booktitle = {Proceedings of Topical Workshop on Electronics for Particle Physics — PoS(TWEPP2019)},
    author = {Gr{\o}ttvik, O. S. and Alme, J. and Barthel, R. and Bodova, T. and Borshchov, V. and Brink, A. van den and Eikeland, V. and Herland, A. and Kolk, N. van der and Nesb{\o}, S. V. and Peitzmann, T. and R{\"{o}}hrich, D. and Tambave, G. and Tymchuk, I. and Ullaland, K. and Yang, S.},
    month = {3},
    pages = {090},
    publisher = {Sissa Medialab},
    url = {https://pos.sissa.it/370/090},
    address = {Trieste, Italy},
    doi = {10.22323/1.370.0090}
}

@misc{filament,
    title = {{ESD PLA 3D printing filament}},
    url = {https://www.3dxtech.com/3dxstat-esd-pla/}
}

@techreport{FireFly,
    title = {{FireFly - Application Design Guide}},
    year = {2020},
    url = {http://suddendocs.samtec.com/ebrochures/firefly-brochure.pdf},
    institution = {Samtec}
}

@techreport{twinax,
    title = {{High-speed Cable Interconnecet Solutions Guide}},
    url = {http://suddendocs.samtec.com/literature/samtec_high_speed_cable_guide.pdf},
    institution = {Samtec}
}

@techreport{TI_design_rules,
    title = {{High-Speed Interface Layout Guidelines}},
    year = {2018},
    url = {https://www.ti.com/lit/an/spraar7h/spraar7h.pdf?ts=1587920695610},
    institution = {Texas Instrument}
}

@book{digital_book,
    title = {{Integrted Circuit Design}},
    year = {2011},
    author = {Weste, N. H. E. and Harris, D. M.},
    edition = {4th},
    publisher = {Pearson}
}

@misc{spray,
    title = {{Licron Crystal ESD safe coating}},
    url = {https://www.techspray.com/licron-crystal-esd-safe-coating-3}
}

@book{Zumbahlen2008,
    title = {{Linear Circuit Design Handbook}},
    year = {2008},
    author = {Zumbahlen, H.}
}

@book{LVDS_manual,
    title = {{Low-Voltage Differential Signaling Owner’s Manual}},
    edition = {3rd},
    publisher = {National Semiconductor},
    url = {https://www-cdf.fnal.gov/upgrades/daq_trig/l2cal/documents/lvds_manual.pdf}
}

@misc{NO_radiation,
    title = {{Medical use of radiation in Norway - Norwegian Radiation and Nuclear Safety Authority}},
    year = {2014},
    url = {https://www.dsa.no/en/topic-articles/91821/medical-use-of-radiation-in-norway}
}

@techreport{MX180TP,
    title = {{MX180T {\&} MX180TP Instruction Manual}},
    url = {http://resources.aimtti.com/manuals/MX180T+MX180TP_Instruction_Manual-Iss4.pdf},
    institution = {Aim-TTi}
}

@techreport{esd,
    title = {{Part 1: An Introduction to ESD}},
    year = {2020},
    url = {https://www.esda.org/esd-overview/esd-fundamentals/part-1-an-introduction-to-esd/},
    institution = {EOS/ESD Association},
    address = {Rome, NY}
}

@article{bottom_figure_2.5,
    title = {{Particle Radiation Therapy Using Proton and Heavier Ion Beams}},
    year = {2007},
    journal = {Journal of Clinical Oncology},
    author = {Tsujii, H. and Schulz-Ertner, D.},
    volume = {25}
}

@article{Ott2001,
    title = {{Partitioning and layout of a mixed-signal PCB}},
    year = {2001},
    journal = {Printed Circuit Design},
    author = {Ott, H. W.},
    url = {moz-extension://e8e65f5b-d63f-9b4c-bb28-3343aceee11c/enhanced-reader.html?openApp&pdf=http%3A%2F%2Fwww.hottconsultants.com%2Fpdf_files%2Fjune2001pcd_mixedsignal.pdf},
    issn = {10475567}
}

@article{Pettersen2017,
    title = {{Proton tracking in a high-granularity Digital Tracking Calorimeter for proton CT purposes}},
    year = {2017},
    journal = {Nuclear Instruments and Methods in Physics Research Section A: Accelerators, Spectrometers, Detectors and Associated Equipment},
    author = {Pettersen, H.E.S. and Alme, J. and Biegun, A. and van den Brink, A. and Chaar, M. and Fehlker, D. and Meric, I. and Odland, O.H. and Peitzmann, T. and Rocco, E. and Ullaland, K. and Wang, H. and Yang, S. and Zhang, C. and R{\"{o}}hrich, D.},
    month = {7},
    pages = {51--61},
    volume = {860},
    url = {https://arxiv.org/ftp/arxiv/papers/1611/1611.02031.pdf https://linkinghub.elsevier.com/retrieve/pii/S0168900217301882},
    doi = {10.1016/j.nima.2017.02.007},
    issn = {01689002}
}

@article{PT_in_Norway,
    title = {{Protonterapi - En realitet i Norge fra 2023}},
    year = {2018},
    journal = {Tidsskrift for den Norske Laegeforening},
    author = {Dale, E. and Waldeland, E.},
    number = {13},
    month = {9},
    volume = {138},
    publisher = {Norwegian Medical Association},
    doi = {10.4045/tidsskr.18.0250},
    issn = {08077096},
    pmid = {30180494}
}

@misc{clinics,
    title = {{PTCOG - Facilities in Operation}},
    year = {2015},
    booktitle = {Particle Therapy Co-operative Group},
    url = {http://www.ptcog.ch/index.php/facilities-in-operation}
}

@unpublished{FPGA_radiation,
    title = {{Radiation Enviroment and Electronics}},
    year = {2018},
    author = {Meric, I. and S{\o}lie, J. R. and Pettersen, H.E. S. and Shafiee, H.}
}

@book{radiation_TI,
    title = {{Radiation Handbook for Electronics}},
    year = {2019},
    author = {Bauman, R. and Kruckmeyer, K.},
    publisher = {Texas Instruments}
}

@book{Bogatin,
    title = {{Signal and Power Integrity - Simplified}},
    year = {2009},
    author = {Bogatin, E.},
    edition = {2nd},
    publisher = {Prentice Hall}
}

@techreport{NI_LVDS,
    title = {{Understanding LVDS for Digital Test Systems}},
    year = {2019},
    url = {https://www.ni.com/en-no/innovations/white-papers/06/understanding-lvds-for-digital-test-systems.html},
    institution = {National Instrument}
}

@misc{NI_LVDSb,
    title = {{Understanding LVDS for Digital Test Systems - National Instruments}},
    url = {https://www.ni.com/en-no/innovations/white-papers/06/understanding-lvds-for-digital-test-systems.html https://www.ni.com/pt-pt/innovations/white-papers/06/understanding-lvds-for-digital-test-systems.html%0Ahttp://www.ni.com/white-paper/4441/en/}
}

@techreport{I2C,
    title = {{Understanding the I2C Bus}},
    year = {2015},
    author = {Valdez, J. and Becker, J.}
}

@article{Prepreg,
    title = {{prepreg}},
    url = {https://www.icd.com.au/webinars/12-08-29-Selecting a PCB Fabricator-5PM.pdf}
}

@misc{PyVISA,
    title = {{PyVISA}},
    url = {https://pyvisa.readthedocs.io/en/latest/}
}