
https://www.andy-roberts.net/res/writing/latex/bibentries.pdf

@book{key,
    title = {},
    year = {},
    author = {},
    edition = {},
    publisher = {}
}


@phdthesis{key,
    title = {{}},
    year = {},
    author = {},
    school = {}
}


@techreport{key,
    title   = {{}},
    year = {},
    institution = {},
    note = {Rev. }
}

@manual{key,
    title = {{}},
    year = {},
    url = {},
    organization = {},
    note = {}
}

@manual{power_conn,
    author = {Weidm{\"{u}}ller, 
    title = {{PCB plug-in connector - 1942120000}},
    year = {2020},
    url = {https://catalog.weidmueller.com/catalog/Start.do?localeId=en&ObjectID=1942120000},
    organization = {Molex},
    note = {}
}